@article{altenkirch2016type,
  title={Type theory in type theory using quotient inductive types},
  author={Altenkirch, Thorsten and Kaposi, Ambrus},
  journal={ACM SIGPLAN Notices},
  volume={51},
  number={1},
  pages={18--29},
  year={2016},
  publisher={ACM New York, NY, USA}
}
@article{benke2003universes,
  title={Universes for generic programs and proofs in dependent type theory},
  author={Benke, Marcin and Dybjer, Peter and Jansson, Patrik},
  journal={Nord. J. Comput.},
  volume={10},
  number={4},
  pages={265--289},
  year={2003}
}
@article{HoTT,
  title={Homotopy Type Theory: Univalent Foundations of Mathematics},
  author={Program, The Univalent Foundations},
  journal={arXiv preprint arXiv:1308.0729},
  year={2013}
}
@article{mitchell2008hoogle,
  title={Hoogle overview},
  author={Mitchell, Neil},
  journal={The Monad. Reader},
  volume={12},
  pages={27--35},
  year={2008}
}
@book{dicosmo2012isomorphisms,
  title={Isomorphisms of Types: from?-calculus to information retrieval and language design},
  author={DiCosmo, Roberto},
  year={2012},
  publisher={Springer Science \& Business Media}
}
@book{norell2007towards,
  title={Towards a practical programming language based on dependent type theory},
  author={Norell, Ulf},
  volume={32},
  publisher={Citeseer}
}
@inproceedings{bove2009brief,
  title={A brief overview of Agda--a functional language with dependent types},
  author={Bove, Ana and Dybjer, Peter and Norell, Ulf},
  booktitle={International Conference on Theorem Proving in Higher Order Logics},
  pages={73--78},
  year={2009},
  organization={Springer}
}






